<record><leader>00000cas a22000007a 4500</leader><controlfield tag="001">15183737</controlfield><controlfield tag="008">870211d19692012wiudn ne      0    0eng c</controlfield><controlfield tag="009">3770</controlfield><datafield ind1=" " ind2=" " tag="010"><subfield code="a">sn 87082079 </subfield></datafield><datafield ind1=" " ind2=" " tag="040"><subfield code="a">NPV</subfield><subfield code="b">eng</subfield><subfield code="c">NPV</subfield><subfield code="d">CUS</subfield><subfield code="d">DLC</subfield><subfield code="d">OCLCF</subfield></datafield><datafield ind1="1" ind2=" " tag="029"><subfield code="a">AU@</subfield><subfield code="b">000043558295</subfield></datafield><datafield ind1=" " ind2=" " tag="042"><subfield code="a">pcc</subfield></datafield><datafield ind1="0" ind2=" " tag="130"><subfield code="a">Janesville gazette (Janesville, Wis. : 1969 : Daily)</subfield></datafield><datafield ind1="0" ind2="4" tag="245"><subfield code="a">The Janesville gazette.</subfield></datafield><datafield ind1="0" ind2="7" tag="246"><subfield code="a">Janesville daily gazette</subfield></datafield><datafield ind1="0" ind2="3" tag="246"><subfield code="a">Sunday gazette</subfield></datafield><datafield ind1=" " ind2=" " tag="260"><subfield code="a">Janesville, Wis. :</subfield><subfield code="b">Bliss &amp; Bliss,</subfield><subfield code="c">1969-</subfield></datafield><datafield ind1=" " ind2=" " tag="300"><subfield code="a">v.</subfield></datafield><datafield ind1=" " ind2=" " tag="310"><subfield code="a">Daily (except holidays)</subfield></datafield><datafield ind1=" " ind2=" " tag="321"><subfield code="a">Daily (except Sunday)</subfield><subfield code="b">1969-1988</subfield></datafield><datafield ind1="0" ind2=" " tag="362"><subfield code="a">124th year, no. 228 (May 12, 1969)-</subfield></datafield><datafield ind1="1" ind2=" " tag="362"><subfield code="a">Ceased in 2012.</subfield></datafield><datafield ind1=" " ind2=" " tag="500"><subfield code="a">Published on Sundays as: The Sunday gazette.</subfield></datafield><datafield ind1=" " ind2="0" tag="651"><subfield code="a">Janesville (Wis.)</subfield><subfield code="v">Newspapers.</subfield></datafield><datafield ind1=" " ind2="7" tag="655"><subfield code="a">Newspapers.</subfield><subfield code="2">fast</subfield><subfield code="0">(OCoLC)fst01423814</subfield></datafield><datafield ind1=" " ind2="7" tag="651"><subfield code="a">Wisconsin</subfield><subfield code="z">Janesville.</subfield><subfield code="2">fast</subfield><subfield code="0">(OCoLC)fst01222793</subfield></datafield><datafield ind1=" " ind2=" " tag="752"><subfield code="a">United States</subfield><subfield code="b">Wisconsin</subfield><subfield code="c">Rock</subfield><subfield code="d">Janesville.</subfield></datafield><datafield ind1="0" ind2="8" tag="776"><subfield code="i">Online version:</subfield><subfield code="t">Janesville gazette (Janesville, Wis. : 1969 : Daily : Online)</subfield><subfield code="w">(DLC)sn 87082079</subfield><subfield code="w">(OCoLC)244293933</subfield></datafield><datafield ind1="0" ind2="0" tag="780"><subfield code="t">Janesville daily gazette (Janesville, Wis. : 1901)</subfield><subfield code="w">(DLC)sn 87082078</subfield><subfield code="w">(OCoLC)15183620</subfield></datafield><datafield ind1="0" ind2="0" tag="785"><subfield code="t">Gazette (Janesville, Wis.)</subfield><subfield code="x">2169-0979</subfield><subfield code="w">(DLC)  2012203384</subfield><subfield code="w">(OCoLC)805164100</subfield></datafield></record>